@article{Jursa1985Handbook,
  title={Handbook of geophysics and the space environment, 4th edition},
  author={Jursa, A. S},
  journal={Air Force Systems Command},
  year={1985},
}
@article{Barr2000ELF,
  title={ELF and VLF radio waves ☆},
  author={Barr, R. and Jones, D. Llanwyn and Rodger, C. J.},
  journal={Journal of Atmospheric and Solar-Terrestrial Physics},
  volume={62},
  number={17},
  pages={1689-1718},
  year={2000},
}
@article{Thomas2009On,
  title={On the reported magnetic precursor of the 1989 Loma Prieta earthquake},
  author={Thomas, Jeremy N. and Love, Jeffrey J. and Johnston, Malcolm J. S.},
  journal={Physics of the Earth & Planetary Interiors},
  volume={173},
  number={3–4},
  pages={207-215},
  year={2009},
}
@article{Jan2001AGARD,
  title={AGARD: The History, 1952-1997},
  author={Jan, Van Der Bliek,},
  year={2001},
}
@book{Ghosh2002Electromagnetic,
  title={Electromagnetic Theory and Wave Propagation},
  author={Ghosh, S. N.},
  publisher={Alpha Science International Ltd.,},
  pages={15-16},
  year={2002},
}
@article{Weis2011RFID,
  title={RFID (Radio Frequency Identification): Principles and Applications},
  author={Weis, Stephen A.},
  year={2011},
}
@article{赵龙宇 2012 工作场所极低频电磁辐射对作业人员健康状况影响的调查分析,
author={赵龙宇 and 陶育纯 and 李波 and 梁冰 and 贺梦子 and 孔德娟 and 易贺庆 and 信瑞 and 徐慧英 and 李菁菁 and 刘兵 and 梁楠 and 马淑梅 and 刘晓冬 and 刘欣},
title={工作场所极低频电磁辐射对作业人员健康状况影响的调查分析},
journal={吉林大学学报（医学版）},
year={2012},
number={2},
pages={372-376},
month={7},
}

@article{刘欣 2013 极低频电磁场暴露对从业人员肝脏功能的影响,
author={刘欣 and 赵龙宇 and 陈慧玲 and 刘聪 and 刘晓冬 and 马淑梅},
title={极低频电磁场暴露对从业人员肝脏功能的影响},
journal={中华劳动卫生职业病杂志},
year={2013},
number={8},
pages={599-601},
month={9},
}
@article{Seybold2005Introduction,
  title={Introduction to RF Propagation},
  author={Seybold, John S.},
  journal={QST},
  volume={48},
  number={1},
  pages={312},
  year={2005},
}
